<?xml version="1.0" encoding="UTF-8"?><collection xmlns="http://www.loc.gov/MARC21/slim"><record><leader>00501nam--2200169-u-4500</leader><controlfield tag="001">000052349</controlfield><controlfield tag="002">20161230</controlfield><controlfield tag="005">20161230201050</controlfield><controlfield tag="008">100623s1000------------r-----000-0-eng-d</controlfield><datafield ind1=" " ind2=" " tag="040"><subfield code="a">IFIN-HH</subfield></datafield><datafield ind1="1" ind2=" " tag="100"><subfield code="a">Sears, Francis Weston</subfield></datafield><datafield ind1="1" ind2="0" tag="245"><subfield code="a">Mechanics, Heat, and Sound</subfield><subfield code="c">Francis Weston Sears</subfield></datafield><datafield ind1=" " ind2=" " tag="260"><subfield code="a">Reading, Massachsetts</subfield><subfield code="b">Addison-Wesley Publishing Company, Inc</subfield><subfield code="c">1950</subfield></datafield><datafield ind1=" " ind2=" " tag="300"><subfield code="a">527 p. + Index</subfield></datafield><datafield ind1=" " ind2=" " tag="490"><subfield code="a">Principles of Physics Seires</subfield></datafield><datafield ind1=" " ind2=" " tag="852"><subfield code="a">27594</subfield><subfield code="c">531</subfield></datafield><datafield ind1=" " ind2=" " tag="CAT"><subfield code="a">Sys</subfield><subfield code="c">20100623</subfield><subfield code="h">113627</subfield></datafield></record></collection>